2954 4926
1202 265 1573 347 HORATII
1621 264 1850 335 VITA.

346 438 783 515 conflictatus
817 438 909 513 ad
943 440 1218 536 po‘esim
1252 443 1565 517 animum
1603 438 1903 541 appulit.
2008 435 2027 474 '
2061 436 2257 516 Hine
2293 441 2715 521 Maecenatis

345 567 725 660 amicitiam
775 567 1165 656 demeruit3
1217 566 1302 642 ac
1336 593 1461 664 per
1492 592 1657 641 eum
1692 564 1993 640 subinde
2028 588 2193 639 cum
2227 568 2554 667 Augusto
2605 550 2734 646 re·⁴

344 695 783 781 conciliatuS,
842 692 1120 789 utrique
1161 694 1370 767 valde
1415 696 1668 768 charus
1711 687 1964 777 extitit,
2017 677 2090 762 et
2124 690 2503 766 liberaliter
2536 694 2717 768 dita-

346 833 487 896 tus.
593 816 981 914 ¹‘Suetonio
1042 819 1256 894 etiam
1315 832 1515 911 teste,
1590 814 1898 916 primum
1937 818 2195 893 scriba
2265 820 2715 907 Quaestorius

343 944 495 1036 fuit,
553 960 717 1042 post
762 945 1038 1022 veniam
1083 950 1174 1021 ab
1210 947 1541 1048 Augusto
1571 946 2048 1047 impetratam.
2152 944 2457 1021 lAnimo
2488 960 2640 1021 erat
2672 949 2721 1021 ὲ

344 1071 766 1146 tumultibus
823 1071 1110 1145 urbanis
1165 1072 1418 1162 alieno,
1501 1076 2004 1173 secessumque
2062 1077 2367 1147 amabat.
2490 1072 2716 1169 Apud

344 1196 645 1273 Sabinos
702 1212 942 1271 autem
1002 1196 1303 1272 libenter
1355 1202 1765 1273 morabatur
1813 1201 1888 1273 in
1943 1201 2240 1274 fundulo
2292 1221 2442 1290 suo,
2499 1222 2715 1293 quem

343 1323 679 1400 describit
714 1322 872 1396 Lib.
919 1337 977 1400 1.
1015 1321 1244 1419 Epist.
1292 1327 1402 1398 16.
1506 1329 1548 1359 ¹¹¹
1572 1325 1764 1399 Hinc
1818 1322 2344 1399 scribendarum
2379 1323 2716 1425 epistola-

341 1475 501 1524 rum
536 1474 790 1524 munus
824 1452 915 1522 ab
947 1450 1272 1548 Augusto
1306 1450 1625 1524 oblatum
1661 1451 2102 1525 detrectavit.
2205 1456 2234 1485 ¹¹
2260 1448 2522 1523 Victus
2565 1450 2717 1523 fru-

343 1575 703 1675 galitatem
736 1599 896 1648 cum
933 1574 1277 1648 munditia
1303 1576 1564 1650 dilexit.
1644 1581 1670 1609 ⁰
1697 1576 1864 1654 Fuit
1895 1575 2205 1673 corporis
2242 1574 2482 1649 habitu
2516 1574 2716 1650 brevi

344 1712 420 1774 et
476 1703 754 1775 obesus.
863 1698 983 1773 De
1036 1697 1294 1799 ingenii
1350 1700 1919 1797 scriptorumque
1976 1697 2324 1799 elegantia
2380 1700 2548 1773 nihil
2604 1714 2719 1778 est

308 1810 311 1817 i
348 1828 546 1926 quod
592 1828 849 1911 dicam,
899 1822 1069 1899 cum
1105 1836 1215 1898 tot
1245 1826 1488 1901 secula
1518 1848 1660 1897 non
1698 1825 1849 1899 sine
1879 1824 2339 1898 admiratione
2371 1824 2714 1921 praedica-

342 1952 575 2029 verint
590 1954 915 2050 junctam
949 1953 1041 2023 ab
1073 1972 1160 2023 eo
1190 1948 1266 2020 in
1315 1947 1746 2021 carminibus
1793 1937 2260 2022 Anacreontis
2291 1946 2713 2025 suavitatem
2765 2004 2768 2005 f

341 2102 509 2153 cum
543 2075 828 2151 Pindari
863 2052 1122 2147 virtute
1154 2086 1228 2146 et
1256 2070 1723 2145 sublimitate:
1777 2071 1849 2143 in
1885 2071 2320 2144 sermonibus
2349 2070 2519 2145 vero
2548 2096 2710 2147 eam

338 2203 787 2281 dicacitatem
822 2196 1188 2289 urbanam,
1228 2194 1373 2292 qua
1405 2194 1581 2268 nihil
1612 2195 1936 2269 solertius
1972 2208 2044 2269 et
2079 2195 2420 2294 sagacius.
2505 2195 2712 2271 Mor·

339 2346 507 2408 tuus
567 2341 679 2403 est
735 2349 921 2399 anno
980 2320 1208 2397 aetatis
1276 2329 1396 2402 57.
1502 2319 1926 2417 Erravitque
1985 2314 2249 2393 librarii
2304 2345 2555 2398 manus
2616 2346 2708 2396 ex

344 2453 683 2534 Suetonio
715 2449 1082 2525 scribentis
1117 2456 1241 2532 59.
1342 2453 1373 2494 ¹
1402 2446 1802 2564 Augustum
1849 2444 2201 2519 haeredem
2252 2444 2485 2539 palam
2530 2470 2713 2520 nun-

341 2578 656 2679 cupavit.
761 2575 1007 2649 Humo
1061 2573 1384 2648 conditus
1430 2586 1542 2648 est
1590 2573 1662 2647 in
1714 2557 2043 2646 extremis
2091 2567 2451 2666 Esquiliis,
2492 2572 2710 2668 juxta

342 2702 765 2785 Maecenatis
801 2675 1178 2776 tumulum.

333 2996 340 3018 '
414 2992 436 3033 ¹
475 2992 606 3052 Lib.
639 2998 690 3049 1.
728 2988 856 3050 Ode
888 2997 977 3049 18.
1017 2988 1150 3050 Lib.
1179 2994 1235 3048 ³.
1275 2986 1404 3047 Ode
1435 2991 1529 3048 16.
1683 2992 1711 3024 ⁸
1749 2985 1879 3046 Lib.
1922 2995 1975 3047 1.
2014 2985 2144 3046 Ode
2176 2994 2273 3048 31.
2315 2986 2445 3049 Lib.
2487 2995 2545 3048 2.
2586 2990 2703 3050 Sat.

512 3071 565 3130 E
643 3070 699 3130 d.
729 3078 752 3129 1
1772 3071 1827 3125 6.
1867 3066 1996 3124 Lib.
2025 3072 2075 3124 1.
2114 3067 2296 3145 Epist.
2325 3072 2384 3128 5.

348 3183 350 3186 v
413 3155 448 3196 Β
487 3152 615 3212 Ι.ἱ.
637 3156 694 3207 2.
736 3149 850 3207 Sat.
880 3151 937 3206 6.
970 3167 1027 3206 v.
1050 3151 1149 3208 86.
1676 3143 1708 3176 ⁰
1753 3145 1882 3206 Lib.
1916 3152 1972 3203 2.
2010 3143 2127 3206 Sat.
2168 3152 2225 3209 3.
2269 3145 2394 3207 Lib.
2430 3154 2480 3207 1.
2517 3146 2702 3227 Epist.

417 3234 437 3274 ¹
486 3231 613 3290 Lib.
647 3237 694 3286 l.
735 3227 851 3285 Sat.
876 3230 930 3283 6.
974 3225 1103 3284 Lib.
1137 3232 1185 3283 l.
1224 3211 1407 3305 Epist.
1436 3232 1531 3288 10.
1762 3231 1818 3283 4.
1842 3234 1902 3282 et
1926 3230 2025 3284 20.

424 3321 471 3355 ¹¹·
486 3311 721 3372 Sueten.
745 3306 808 3368 in
830 3302 972 3366 Vim
999 3303 1244 3364 Horatii.
1682 3311 1712 3352 Ρ
1748 3303 1978 3366 Sueton.
2007 3302 2105 3363 cit.
