2954 4926
336 276 378 333 2
1098 267 1181 336 Q.
1209 212 1582 334 nonani
1619 265 1928 334 FLAcct

344 439 573 502 conspergi
591 436 766 500 pulvere
782 436 1096 512 0¹5¹⁰¹¹P15²⁰2¹²t
1159 438 1493 523 collegisse
1511 436 1719 522 juvat:
1764 416 2045 522 metaque
2073 438 2316 503 fervidis

347 519 453 567 quos
483 513 599 547 meta
627 516 717 547 non
750 510 867 547 taeta
893 511 1001 546 rotis
1025 515 1097 545 ca·

349 565 466 624 udis,
487 580 537 612 ac
561 564 742 612 illustris
761 565 941 611 victoria
960 564 1099 611 extol·

1159 525 1402 591 Evitata
1429 524 1593 604 rotis,
1619 525 1939 608 palmaque
1967 523 2186 586 nobilia
2668 529 2707 587 5

1270 1006 1358 1057 AN
1367 1007 1500 1056 NOT
1501 1007 1584 1056 AT
1585 1005 1792 1056 IONES.

357 1205 528 1272 Campo
557 1208 688 1255 etiam
720 1202 913 1263 Mar-tim
951 1207 1043 1253 sive
1072 1205 1189 1269 apud
1213 1205 1433 1253 Graeciam
1454 1207 1503 1253 in

360 1269 501 1318 Ludis
516 1271 602 1318 illis
616 1271 905 1327 solemnibus,
920 1271 998 1332 qui
1012 1271 1150 1316 totius
1164 1269 1282 1320 orbis
1298 1268 1505 1331 frequen-

361 1331 429 1382 tia
458 1333 809 1409 celebrabantur,
839 1335 886 1379 in
916 1332 1078 1407 quibua
1108 1330 1389 1395 pentathlon,
1411 1334 1504 1380 aive

393 1408 724 1516 mrem
737 1396 1235 1520 attenuante:
1255 1406 1506 1522 {mm

362 1523 533 1571 lutra:
566 1524 656 1570 aive
683 1524 833 1576 mavis,
852 1521 1037 1579 Cursus,
1058 1519 1155 1584 Pug

361 1584 553 1643 Caeatus,
584 1583 742 1633 Lucta.
805 1584 1005 1631 Stadium
1037 1584 1219 1647 longum
1251 1596 1341 1632 erat
1374 1584 1508 1648 pedes

360 1660 608 1696 sexcentos.
653 1647 872 1705 Victores,
888 1646 1210 1711 Olympionicas
1223 1648 1509 1705 vocabantur,

361 1712 697 1768 coronabantur,
732 1711 1048 1766 laudabanturg
1092 1712 1313 1757 vacatione
1350 1728 1509 1758 mune-

360 1790 460 1822 rum
489 1791 603 1822 curae
629 1790 679 1822 ac
709 1776 880 1831 tutelae,
962 1773 1203 1837 rpetussque
1225 1777 1508 1822 immunitate

361 1838 656 1895 donabantur;
690 1838 799 1885 adeo
819 1849 867 1884 ut
936 1838 1217 1900 lympionicea
1238 1853 1333 1885 esse
1352 1853 1508 1884 cense-

363 1914 485 1948 retur
515 1901 678 1963 aliquid
710 1901 851 1962 majus
879 1900 1010 1962 quam
1043 1898 1198 1947 Roma
1222 1900 1277 1947 de
1304 1898 1507 1947 hostibus

360 1963 687 2074 {mim
694 1961 1507 2089 3323⁰5133223.1?322⁶⁰3÷‚²l2¹513‘231

360 2088 582 2137 Nemeaei.
650 2088 803 2136 Annui
841 2089 1037 2151 quidam,
1072 2101 1125 2135 ut
1159 2087 1336 2196 Βῖὼίἰς
1378 2090 1509 2152 quin-

362 2152 604 2215 quennales
620 2151 841 2215 Olympici
862 2163 909 2198 et
928 2150 1129 2207 Isthmii;
1208 2153 1359 2199 emeaei
1376 2154 1509 2200 tertio

359 2231 539 2279 quoque
554 2232 677 2265 anno
686 2215 874 2271 fiebant;
896 2215 1094 2277 plerique
1108 2215 1200 2260 dies
1216 2216 1409 2278 quinque
1425 2215 1508 2262 du-

360 2281 533 2327 rabant.
596 2279 672 2327 Ab
692 2278 935 2342 Olympicis
957 2275 1095 2324 Ludis
1115 2293 1263 2324 nuncu
1321 2290 1378 2325 tae
1401 2291 1507 2326 sunt

363 2341 645 2405 Olympiades
675 2358 728 2388 ea
756 2341 898 2404 spatia
919 2356 997 2388 seu
1017 2340 1241 2387 intervalla
1290 2358 1366 2388 uas
1389 2343 1508 2390 inter

364 2403 593 2452 Indorum
606 2405 920 2452 celebrationes
928 2402 1257 2468 comprehensa.
1277 2402 1507 2452 Institutas

363 2468 482 2516 fama
497 2480 566 2516 est
587 2467 736 2516 Ludos
748 2467 1006 2530 olympicos
1019 2482 1136 2514 anno
1150 2477 1293 2525 4400,
1313 2468 1369 2515 ab
1388 2467 1508 2516 Her-

364 2533 466 2579 cule
503 2531 702 2578 Cretensi
741 2532 939 2593 quidem,
979 2532 1024 2577 in
1061 2528 1273 2578 honorem
1310 2529 1505 2595 Pelopis,

355 2595 490 2657 juxta
509 2595 676 2642 flumen
697 2593 941 2655 Alpheum,
972 2583 1025 2640 ad
1046 2593 1279 2640 delubrum
1305 2592 1431 2641 Jovis
1458 2596 1505 2641 in

360 2657 554 2715 Achaia,
579 2658 708 2718 juxta
726 2655 870 2704 Pisam
891 2669 935 2703 et
957 2655 1150 2712 Elidem,
1175 2657 1221 2702 in
1242 2656 1414 2720 Campo
1432 2660 1505 2705 cui

363 2721 573 2786 Olympia
592 2736 771 2768 nomen.
825 2718 1074 2766 Victoribus
1101 2719 1303 2783 oleagina
1325 2720 1508 2768 dabatur

362 2800 537 2832 corona.
588 2783 704 2831 Vide
730 2781 787 2830 Vi
841 2784 887 2829 il.
916 2783 1082 2845 Georg.
1111 2791 1157 2830 3.
1177 2799 1219 2828 v.
1244 2792 1318 2829 18.
1346 2797 1391 2829 et
1411 2800 1505 2847 seq.

362 2848 495 2895 Alex.
523 2846 581 2894 ab
611 2847 740 2894 Alex.
774 2846 806 2893 li
841 2880 853 2893 .
881 2857 924 2894 5.
960 2861 1056 2909 cap.
1086 2853 1130 2892 8.
1165 2844 1279 2892 Coel.
1313 2845 1504 2910 Rhodig.

362 2911 443 2958 lib.
466 2920 538 2959 13.
560 2925 658 2973 cap.
678 2918 750 2964 17.
802 2907 949 2972 Pythii
970 2907 1088 2955 Ludi
1109 2908 1269 2956 fiebant
1292 2910 1340 2956 in
1362 2908 1506 2958 bono-

359 2990 456 3022 rem
488 2973 721 3037 Apollinis.
738 2973 795 3019 ob
826 2970 1109 3019 interfectum
1139 2969 1387 3034 Pythonem
1417 2988 1507 3021 ser-

422 3049 561 3084 ntem.
593 3035 1272 3083 Coronabanturlaurovictores.
1302 3035 1505 3084 Isthmici

360 3053 585 3148 fe‘rheaeo
603 3099 735 3146 dicati
756 3097 997 3161 Neptuno,
1009 3097 1075 3143 vel
1097 3096 1299 3156 Herculi,
1319 3101 1385 3146 vel
1401 3098 1506 3146 Me·

334 3205 345 3212 ,
360 3164 527 3212 licertoe
546 3178 624 3210 seu
651 3160 887 3209 Palaemoni
914 3161 1037 3224 (nam
1056 3162 1187 3208 varia
1205 3173 1310 3209 sunt
1329 3179 1359 3208 o
1392 3163 1508 3210 inio-

340 3227 532 3337 «θεὲ-ξε
553 3179 1505 3352 tazmu.z¹:.z.÷⁰t⁰;z³ffi:{⁵”13}323;

358 3349 564 3400 Nemeoei
572 3350 693 3399 Ludi
708 3350 1037 3398 celebrabantur
1050 3351 1116 3397 vel
1133 3353 1178 3397 in
1192 3352 1373 3414 gratiam
1388 3351 1506 3400 Her-

361 3415 476 3463 culia
496 3416 554 3462 ob
574 3418 767 3461 occisum
788 3415 837 3460 in
856 3413 1070 3462 Nemeaefi
1084 3413 1202 3477 sylva
1218 3415 1388 3461 leonem
1406 3432 1504 3478 pro-

360 3479 542 3542 digiosae
578 3477 911 3541 magnitudinis,
947 3477 1063 3540 apud
1099 3477 1286 3524 Cleonas
1322 3477 1505 3526 Achaia

359 3544 583 3590 civitatem
606 3544 652 3588 in
674 3539 999 3603 Peloponneso;
1039 3539 1124 3597 vel,
1152 3553 1206 3587 ut
1233 3540 1307 3587 alii
1333 3541 1503 3600 volunt,

359 3617 540 3671 propter
560 3603 880 3650 Archemorum
902 3601 1094 3667 Lycurgi
1113 3619 1300 3666 puerum
1330 3605 1377 3651 in
1406 3603 1504 3651 Ne-

359 3669 503 3717 meaest
520 3667 637 3730 sylva
651 3665 925 3714 defimctum.
972 3664 1228 3714 Victoribus
1243 3683 1299 3714 ex
1312 3669 1413 3731 apio
1428 3684 1504 3716 co-

360 3747 469 3779 rona
503 3730 829 3778 conficiebatur.
898 3729 953 3778 ln
990 3730 1086 3778 istis
1120 3729 1327 3778 omnibus
1362 3725 1502 3779 Ludis

273 3849 277 3852 v
360 3794 1102 3904 {iffi-exerci‘tiapioneaotzorporis,
1124 3805 1246 3869 erant
1266 3806 1309 3840 et
1326 3795 1500 3904 {ingenii

357 3872 411 3968 {t
426 3869 1320 3975 ...,;3·:;;....“⁰v‘⁶;
1340 3873 1502 3968 ἐπει

356 4000 472 4032 rum.
516 3983 759 4045 Olympicis
773 3998 912 4044 agona
923 3980 1149 4029 Musicum
1166 3983 1334 4030 addidit
1350 3981 1495 4042 Nero3

358 4048 436 4111 qui
453 4059 497 4094 et
518 4047 564 4092 in
584 4045 639 4092 iia
655 4061 744 4091 non
757 4044 868 4108 bigis
883 4046 958 4092 sed
972 4045 1215 4108 decemjugi
1236 4062 1366 4093 curru
1382 4049 1500 4094 aurl·

355 4111 493 4173 gavit‚
505 4109 817 4170 victoriamque
833 4108 949 4154 tulit.
982 4106 1103 4169 Sylla
1115 4107 1375 4171 Olympiade
1392 4119 1498 4162 175.

354 4172 543 4219 athletas
563 4182 608 4217 et
627 4171 792 4234 reliqua
812 4186 864 4217 ex
891 4169 1111 4233 Olympiis
1137 4173 1378 4220 certamina
1405 4171 1498 4218 Ro-

353 4251 473 4283 mam
493 4234 695 4281 traduxit.
756 4234 884 4280 Alex.
905 4233 961 4278 ab
983 4232 1112 4278 Alex.
1133 4233 1235 4278 ante
1253 4233 1331 4280 cit.

417 4309 464 4345 4.
493 4294 739 4358 Metaque]
786 4295 915 4342 Meta
935 4295 1043 4357 lapis
1064 4292 1149 4350 est,
1175 4294 1241 4341 vel
1269 4298 1495 4360 congeries

350 4362 552 4423 quadam
575 4361 621 4407 in
641 4374 826 4407 acumen
841 4357 1074 4421 fastigiata,
1094 4374 1173 4405 seu
1186 4359 1211 4404 e
1227 4358 1314 4405 lato
1331 4361 1376 4407 in
1390 4375 1496 4407 acu-

288 4461 295 4466 .
348 4436 448 4473 tum
480 4435 639 4483 erecta,
668 4423 782 4472 circa
812 4437 945 4485 quam
976 4436 1145 4481 currus,
1173 4437 1252 4471 aeu
1281 4423 1396 4487 big-ae
1422 4424 1492 4471 vel

1565 1207 1804 1270 quadriga,
1824 1219 1903 1251 seu
1922 1206 2053 1252 etiam
2076 1204 2122 1253 in
2144 1206 2251 1253 mari
2267 1219 2396 1252 naves
2412 1220 2590 1254 cunum
2605 1204 2715 1255 ssec-

1565 1269 1735 1318 tebant.
1796 1267 1924 1316 Ovid.
1947 1267 2244 1334 Metamorph.
2269 1279 2342 1317 10.
2364 1286 2405 1317 v.
2425 1275 2531 1316 106.

2045 1333 2193 1381 Metas
2211 1333 2390 1380 imitata
2410 1347 2647 1397 cupressus.

1565 1393 1623 1442 In
1653 1394 1783 1442 Circo
1814 1392 2017 1444 Romano
2048 1409 2177 1444 metae
2207 1397 2402 1458 primum
2432 1395 2614 1459 lignetes
2655 1395 2713 1442 ab

1567 1456 1834 1521 Imperatore
1862 1459 2048 1506 Claudio
2078 1459 2205 1506 factoe
2225 1459 2404 1505 demum
2425 1474 2569 1507 aureae
2587 1470 2716 1506 aunt.

1157 1522 1301 1578 ilatus,
1321 1520 1505 1580 Discus,
1561 1521 1694 1568 Alex.
1714 1522 1769 1568 ab
1791 1523 1919 1570 Alex.
1940 1524 2019 1570 cit.

1630 1585 1824 1633 Fer-vidis
1840 1587 2023 1633 Evitata
2034 1584 2177 1645 rotis]
2214 1582 2466 1649 Praecipuus
2481 1596 2573 1631 erat
2589 1583 2718 1631 labor

1567 1658 1613 1693 et
1641 1663 1813 1695 summa
1843 1651 1987 1696 cautio
2016 1651 2063 1695 in
2095 1648 2236 1695 curuli
2275 1650 2529 1706 certamine,
2570 1663 2628 1694 ne
2668 1648 2717 1695 in

1568 1710 1685 1758 flexu
1713 1727 1863 1758 currus
1890 1714 1950 1759 im
1984 1713 2151 1776 ingeret
2177 1712 2229 1757 ad
2259 1725 2439 1767 metam,
2471 1727 2520 1757 ac
2541 1709 2718 1757 diffrin-

1600 1787 1756 1823 eretur.
1796 1775 1927 1838 Apud
2000 1791 2134 1821 omer.
2157 1772 2283 1820 Iliad.
2300 1783 2355 1821 Ψ.
2396 1773 2564 1821 Nestor
2579 1774 2719 1820 Anti·

1584 1835 1746 1883 ochum
1784 1839 1923 1885 filium
1959 1838 2164 1885 erudiens
2200 1851 2353 1884 monet
2386 1838 2626 1884 cavendum
2661 1848 2716 1884 ut

1568 1910 1676 1946 rotae
1707 1902 1921 1949 modiolus
1951 1918 2166 1948 summam
2198 1900 2376 1963 quidem
2407 1912 2570 1947 metam
2607 1903 2716 1946 atti·

1567 1964 1682 2025 gisae
1701 1964 1910 2022 videatur,
1934 1965 2008 2011 sed
2031 1963 2183 2028 lapidis
2205 1976 2371 2010 tactum
2391 1965 2518 2020 vitet,
2540 1978 2597 2009 ne
2617 1962 2716 2009 vul·

1569 2038 1777 2073 ueremur
1807 2029 1926 2091 equi,
1958 2043 2194 2089 currusque
2221 2027 2526 2089 disrumpatur.
2588 2023 2718 2087 Ergo

1569 2103 1661 2135 non
1689 2089 1767 2136 aba
1787 2105 1834 2135 re
1855 2092 1901 2136 in
1922 2088 2164 2153 Olympici·
2183 2089 2455 2136 nobilissima
2474 2086 2716 2198 p‘ptabatur

1570 2167 1622 2198 ea
1649 2154 1831 2200 victoria
1854 2153 2015 2200 curulis
2034 2154 2199 2215 agonis.
2261 2150 2388 2199 Patet
2406 2168 2459 2199 ea
2530 2151 2718 2198 erodoto

1569 2226 1617 2261 et
1642 2212 1844 2263 Pindaro.
1905 2213 2041 2264 Porro
2070 2217 2184 2263 circa
2207 2227 2368 2264 metam
2386 2231 2537 2262 currus
2556 2215 2715 2278 agitari

1568 2277 1758 2325 debebat
1777 2280 1958 2356 septies.

1568 2340 1740 2388 Auson.
1762 2340 1975 2405 Epitaph.
1995 2350 2075 2389 35.

1631 2421 1871 2485 Prosphore
1889 2422 2067 2469 clamosi
2089 2422 2278 2484 spatiosa
2294 2433 2374 2485 per
2393 2435 2568 2482 equom
2591 2420 2713 2471 Circi

1689 2484 1899 2549 Septenos
1918 2487 2070 2532 solitus
2089 2486 2225 2532 victor
2244 2486 2357 2531 obire
2375 2486 2486 2532 vias.

1569 2559 1768 2626 Propert.
1788 2564 1867 2610 lib.
1884 2573 1928 2611 a.
1949 2561 2076 2627 Eleg.
2093 2573 2175 2620 25,
2194 2578 2235 2610 v.
2256 2573 2332 2611 2⁵.

1629 2643 1724 2690 Aue
1738 2642 1866 2706 prais
1883 2641 2042 2704 injecto
2061 2643 2244 2705 deposcit
2256 2643 2448 2706 praenda
2469 2658 2617 2699 cursu,

1689 2706 1890 2769 Septima
1907 2707 2040 2768 quim
2057 2714 2219 2752 metam
2243 2707 2408 2753 ιηύεήε
2427 2706 2530 2752 mite
2547 2715 2662 2753 rota.

1567 2783 1713 2830 Graeci
1763 2784 2016 2831 duodenum
2069 2783 2230 2829 flexum
2286 2795 2456 2830 notant.
2535 2780 2712 2829 Pindar.

1565 2845 1626 2894 Ol
1700 2863 1745 2910 p.
1765 2845 1855 2893 Od.
1875 2856 1917 2893 3.
1942 2845 2310 2905 δωδεκάγναμπἹον
2330 2847 2485 2910 τέρμα,
2512 2859 2559 2892 et
2578 2844 2710 2908 Pyth-

1566 2863 1720 2957 GR.
1743 2910 1989 2974 τοδαρκίων
2009 2908 2347 2973 δυωδεκαδρόμων
2369 2910 2557 2969 τέμενος.
2601 2907 2709 2955 Non

1566 2975 1894 3037 praetermittam
1923 2972 2000 3020 hic
2026 2987 2213 3019 veterem
2242 2971 2551 3019 Britannorum
2574 2973 2620 3017 in
2642 2988 2710 3019 re-

1565 3036 1720 3098 gendis
1734 3037 1930 3084 curribus
1945 3036 2115 3083 bellicis
2132 3035 2386 3082 industriam
2404 3051 2455 3081 ac
2470 3034 2709 3092 solertiam,

1568 3098 1620 3145 ad
1639 3116 1771 3161 quam
1789 3116 1871 3147 usu
1885 3100 2139 3162 quotidiano
2153 3113 2202 3145 et
2217 3100 2529 3145 exercitatione
2543 3114 2712 3144 assues-

1567 3163 1745 3219 cebant,
1771 3170 1823 3210 ιιι
1849 3164 1896 3208 in
1920 3163 2074 3210 declivi
2096 3178 2149 3209 ac
2162 3164 2386 3225 precipiti
2404 3163 2491 3208 loco
2510 3162 2711 3208 incitatos

1566 3241 1693 3287 equos
1711 3227 1935 3282 sustinere,
1953 3242 2008 3272 ac
2028 3227 2144 3272 brevi
2163 3227 2378 3271 moderari
2397 3233 2437 3270 et
2446 3226 2645 3289 flectere,
2670 3232 2710 3270 et

1559 3302 1640 3352 per
1660 3296 1867 3336 terrionem
1886 3304 2068 3344 currere,
2088 3296 2128 3334 ee
2148 3285 2316 3348 injtcgo
2329 3288 2536 3345 irzdstere,
2557 3296 2596 3334 el
2612 3288 2712 3334 inde

1563 3367 1610 3399 se
1621 3352 1670 3398 in
1687 3367 1840 3399 currus
1853 3353 2036 3416 recipere
2049 3353 2130 3398 αἐὸ
2141 3359 2328 3414 possem.
2360 3350 2509 3397 Caesar
2521 3350 2575 3396 de
2591 3348 2711 3396 Bell.

1564 3414 1683 3524 gall.
1726 3414 1802 3462 lib.
1835 3426 1880 3461 4.
1920 3429 2016 3478 cap.
2051 3422 2128 3462 33.
2170 3415 2374 3461 meminit
2413 3425 2459 3459 et
2499 3411 2710 3461 Juvenal.

1601 3488 1661 3524 at.
1683 3488 1729 3524 4.
1748 3494 1789 3524 V·
1816 3484 1920 3524 126.

1630 3551 1673 3587 5.
1690 3540 1966 3602 Palmaque]
1993 3537 2188 3586 Athletis
2202 3540 2279 3602 qui
2293 3537 2517 3602 Olympia,
2613 3536 2710 3598 hia,

1565 3602 1797 3661 Nemeaea,
1814 3602 1997 3651 Isthmia
2011 3604 2232 3657 vicissent,
2244 3601 2387 3648 Graeci
2402 3613 2548 3649 tantos
2596 3617 2709 3650 ono·
2795 3603 2806 3622 ³

1564 3683 1633 3714 rea
1653 3666 1922 3724 tribuebant,
1941 3678 1991 3713 ut
2010 3682 2098 3712 non
2116 3666 2242 3712 modi»
2257 3668 2304 3710 in
2325 3673 2530 3712 conectam
2545 3674 2710 3713 stmttes

1563 3747 1664 3777 cum
1676 3729 1838 3793 palmi
1855 3738 1894 3777 et
1910 3728 2065 3777 cormtd
2079 3728 2244 3789 ferrent
2264 3730 2428 3784 laudes,
2446 3728 2522 3775 sed
2540 3743 2586 3776 et
2601 3731 2708 3776 cum

1562 3807 1878 3840 reverterentur
1895 3795 1941 3839 in
1961 3808 2060 3839 suas
2080 3792 2292 3848 civitates,
2311 3792 2463 3853 quadri
2497 3794 2533 3838 ‘s
2549 3794 2708 3839 trium-

1561 3855 1750 3919 phantes
1770 3855 2094 3910 inveherentur,
2116 3866 2249 3916 atque
2269 3854 2469 3916 vectigali
2503 3871 2553 3901 us
2574 3857 2601 3902 a
2619 3853 2711 3902 Re-

1592 3919 1737 3966 ublicfi
1756 3921 2004 3966 constitutis
2020 3918 2156 3964 totius
2172 3920 2272 3964 vitae
2287 3919 2429 3980 spatio
2443 3917 2710 3965 sinerentur.

1610 3998 1676 4030 aec
1699 3980 1866 4029 Vitruv.
1887 3982 1963 4029 lib.
1984 3992 2033 4028 4.
2084 3978 2231 4029 Palma
2251 3982 2351 4027 vero
2371 3982 2547 4044 signum
2571 3982 2714 4027 victo-

1561 4047 1637 4093 rioe
1657 4046 1813 4109 passim
1834 4045 1949 4155 affini
1965 4059 2117 4091 omnes
2136 4045 2359 4101 statuitur,
2378 4060 2430 4090 ex
2449 4041 2707 4101 Plutarclw,

1560 4121 1788 4172 propterea
1800 4125 1859 4169 qu
1929 4125 1982 4155 ea
1992 4120 2058 4154 est
2070 4108 2165 4169 ejus
2177 4117 2331 4153 natum
2344 4107 2472 4169 ligni,
2484 4117 2536 4154 ut
2547 4123 2577 4153 u
2689 4133 2708 4144 -

1558 4173 1678 4219 tibus
1698 4172 2134 4233 opprimentibusque
2157 4170 2340 4217 minime
2364 4170 2508 4218 cedat.
2572 4123 2708 4217 &rige
2809 4165 2812 4176 ‘

1560 4250 1627 4282 est
1647 4234 1754 4280 illud
1774 4233 1937 4282 Alciati
1958 4233 2264 4297 Epigramma:

1618 4299 1795 4366 {vicitur
1814 4299 1862 4343 in
1875 4300 2049 4362 pondus
2061 4298 2239 4360 palma,
2264 4302 2305 4342 et
2329 4296 2551 4360 contingit
2568 4297 2618 4343 in
2638 4297 2707 4343 al-

1742 4369 1837 4406 tum
1848 4378 1865 4405 .·

1619 4421 1800 4486 Qtw'qtoe
1817 4423 1957 4484 mergis
1969 4423 2202 4487 premittur,
2216 4422 2295 4470 hoc
2309 4419 2434 4484 mi
2450 4422 2564 4470 cauit
2581 4435 2706 4467 omes.
