2954 4926
949 277 1221 348 No‘rAE
1261 276 1355 351 m
1397 275 1679 345 vrrAM
1723 272 2120 367 nolum.
2237 354 2246 362 ,

337 446 453 515 sim
484 449 707 537 gratias
734 463 961 534 ageret,
992 472 1182 536 quum
1211 462 1409 515 essent
1428 472 1541 534 pro
1567 461 1698 515 toto
1723 449 1956 515 mundo
1979 448 2192 534 gratio
2218 449 2515 534 agenda?
2560 452 2708 519 Sola

339 549 543 599 autem
578 535 922 622 hujusmodi
952 539 1280 621 gratiarum
1311 536 1473 601 actio
1499 535 1755 620 gloriam
1780 536 2072 621 principis
2088 536 2442 620 amplificat,
2457 540 2707 624 solaque

338 612 526 703 digna
548 636 637 685 est
658 644 796 706 quae
819 624 1124 686 literarum
1150 625 1566 687 monumentis
1585 621 1917 705 posteritati
1938 623 2419 687 commendetur.
2489 622 2706 710 Itaque

339 705 655 783 Horatius,
683 712 805 792 qua
832 719 960 770 erat
987 708 1328 792 prudentie,
1358 707 1513 771 nihil
1542 707 1946 792 praetermisit,
1972 729 2094 791 quo
2120 710 2555 773 demonstraret
2581 710 2706 775 im-

338 790 574 875 perium
606 792 950 855 universum
978 796 1256 877 Augusto
1275 807 1590 876 acceptam
1618 792 1891 856 retulisse
1909 793 2262 857 felicitatem
2286 815 2480 871 suam,
2505 816 2706 881 neque

336 897 684 962 quenquam
726 878 906 941 fuisse
950 877 1148 942 civem
1191 879 1568 958 Romanum,
1610 878 1716 963 qui
1755 878 1814 941 ei
1852 879 2353 964 tranquillitatem
2396 879 2708 967 vitamque

337 984 511 1025 suam
543 984 663 1024 non
694 962 959 1027 deberet.

430 1045 491 1111 V
486 1048 804 1149 indelicom
841 1050 1156 1114 victoriam
1203 1049 1436 1115 Tiberii
1466 1048 1822 1134 Drusique]
1900 1047 2084 1119 Quod
2113 1048 2363 1136 quidem
2393 1048 2540 1115 fecit
2567 1051 2709 1117 Ode

334 1140 398 1198 4⁰
420 1133 991 1306 {rainlqsslgo‘egevit
1017 1228 1259 1306 propter
1286 1220 1395 1283 hoc
1424 1220 1616 1283 tribu-s
1643 1220 1974 1284 carminum
1996 1219 2173 1284 'libris
2209 1242 2286 1284 ex
2315 1221 2493 1308 longo
2518 1223 2709 1288 intar-

332 1304 495 1368 vallo
522 1314 811 1390 quartum
841 1306 1113 1389 addere]
1182 1305 1312 1374 Qui
1351 1305 1555 1369 credet
1582 1326 1794 1370 omnes
1822 1307 1989 1369 Odas
2018 1305 2157 1369 Lib.
2185 1306 2290 1371 lv,
2334 1310 2410 1370 ab
2441 1306 2707 1373 Horatio

336 1390 2276 1541 “zijfffflffitf'3333031{3¹s03.23„{{.2³“÷3‘5'.21?„¹'51‘³23'¹20¹'ae
2308 1392 2706 1543 {2¹22}ssssss

334 1497 515 1626 {iniisse
537 1576 814 1646 quartum
840 1564 1061 1626 librum
1088 1563 1285 1640 edere,
1304 1524 1749 1645 illasque'Odas
1773 1584 1916 1646 quas
1940 1583 2014 1626 ex
2039 1499 2506 1647 ipsiuffiperio
2531 1586 2705 1628 com·-
2730 1612 2738 1623 .

336 1648 646 1731 posuisset,
677 1648 749 1711 iis
769 1647 1096 1731 adjungere
1124 1669 1271 1731 quas
1290 1645 1659 1733 jampridem
1680 1647 1936 1727 fecisset,
1960 1648 2224 1713 necdum
2252 1648 2315 1711 in
2343 1651 2546 1713 lucem
2569 1648 2705 1714 edi-

337 1732 540 1798 disset.
610 1733 776 1798 Vide
805 1733 995 1797 Notas
1023 1733 1098 1797 ad
1127 1733 1307 1796 Oden
1343 1741 1396 1797 l.
1428 1731 1570 1796 Lib.
1595 1733 1702 1796 lv.

424 1819 667 1884 Habitu
695 1821 958 1901 corporis
986 1818 1326 1898 mevi-§ficit
1355 1827 1413 1880 et
1440 1818 1707 1899 obesus]
1758 1818 1944 1888 Quod
1971 1817 1989 1882 i
2065 1841 2098 1882 e
2128 1817 2277 1883 dicit
2306 1818 2438 1885 Sat.
2462 1825 2525 1883 3.
2557 1817 2701 1885 Lib.

337 1905 418 1970 11.
456 1904 556 1967 ubi
586 1927 649 1966 se
678 1904 935 1968 affirmat
964 1926 1090 1968 esse
1119 1917 1359 1967 staturae
1388 1924 1513 1966 non
1541 1904 1800 1987 amplius
1829 1904 1970 1987 bipe
2015 1904 2147 1967 alis.

436 1989 597 2054 Vim
615 1990 943 2091 plurimam
964 1991 1027 2052 in
1048 2011 1280 2052 secessu
1302 1989 1459 2087 ruris
1483 1988 1621 2071 sui]
1668 1988 1982 2087 {liberum
2004 2010 2241 2052 menses
2261 2008 2708 2138 ¹¹⁰¹¹P¹¹qfl¹¹fl¹¹ff

338 2074 588 2140 Tarenti
609 2078 995 2158 transigebat.
1026 2074 1150 2139 Sed
1170 2094 1500 2137 maxumam
1520 2084 1715 2135 aetatis
1733 2094 1857 2135 suae
1919 2087 2107 2136 artem
2129 2075 2383 2156 degebat
2404 2097 2467 2138 ln
2543 2076 2712 2139 ibur-

337 2160 469 2226 tino
494 2182 630 2226 suo:
675 2183 859 2246 quem
889 2163 1093 2224 locum
1124 2159 1390 2245 praetulit
1418 2157 1707 2235 Tarent0,
1735 2179 1855 2242 quo
1923 2160 2186 2221 ostendit
2208 2158 2345 2222 Ode
2365 2165 2427 2222 6.
2460 2159 2600 2226 Lib.
2624 2159 2714 2227 11.

425 2246 639 2310 Sabini
667 2256 774 2310 aut
814 2246 1173 2328 Tiburtium
1235 2243 1401 2311 Cave
1431 2242 1579 2306 hinc
1609 2243 1856 2326 colligas
1883 2243 2204 2326 geminum
2235 2243 2416 2306 fuisse
2449 2246 2712 2310 Horatio

212 2320 221 2327 „
338 2354 455 2396 ηις.
522 2333 685 2397 Villa
714 2330 838 2415 ejus
869 2331 984 2398 fuit
1013 2332 1171 2395 inter
1196 2352 1409 2413 agrum
1426 2327 1748 2392 Tiburtem
1780 2340 1841 2392 et
1869 2328 2191 2406 Sabinum,
2212 2328 2378 2393 unde
2398 2330 2503 2393 alii
2532 2330 2706 2395 illam

334 2417 673 2484 Tiburtinis
699 2429 1043 2497 accensent,
1071 2416 1174 2481 alii
1204 2414 1476 2493 Sabinis;
1518 2412 1678 2498 quod
1702 2412 1828 2477 fieri
1860 2415 2011 2477 solet
2041 2414 2115 2479 de
2144 2414 2321 2492 villis,
2347 2414 2620 2495 urbibus»,
2644 2427 2710 2480 et

336 2507 649 2568 montibus
672 2503 776 2589 qui
799 2504 1029 2567 duabus
1052 2501 1395 2586 regionibus
1415 2497 1790 2584 interjacent.
1834 2498 1939 2562 Sic
1961 2499 2295 2563 Venusium
2319 2509 2486 2563 nunc
2503 2500 2709 2565 Luca-

336 2591 479 2670 n'iae,
509 2613 674 2655 nunc
704 2589 946 2675 Apuliae
977 2590 1113 2668 urbs
1143 2588 1496 2664 habebatur,
1523 2598 1590 2649 ut
1619 2585 1886 2669 loquitur
1914 2598 2114 2650 noster
2142 2585 2274 2652 Sat.
2301 2592 2356 2651 1.
2383 2585 2526 2652 Lib.
2550 2585 2636 2653 11.

731 2761 1193 2783 ..................
1201 2721 1467 2784 Lucanm,
1494 2738 1566 2775 an
1591 2716 1853 2794 Appulus,
1881 2733 2089 2796 anceps,
2209 2735 2216 2738 ’

726 2805 874 2861 Nam
907 2803 1191 2860 Venusinus
1214 2801 1516 2872 araefinem
1537 2797 1630 2855 sub
1654 2810 1934 2875 utrumque
1955 2799 2189 2855 σοιοπω.

333 2953 418 3018 Et
445 2950 584 3014 Ode
605 2958 670 3015 4.
700 2947 842 3012 Lib.
867 2944 982 3010 111.
1012 2944 1227 3008 eadem
1258 2940 1333 3004 de
1361 2940 1543 3004 causa
1571 2938 1744 3025 ponit
1773 2949 2045 3003 montem
2075 2939 2398 3005 Vulturem
2430 2941 2496 3005 in
2525 2943 2707 3030 A'pu-

335 3038 421 3102 lia
447 3046 508 3099 et
527 3049 697 3099 extra
724 3032 1036 3117 Apuliam.
1098 3025 1268 3092 Ecce
1295 3045 1502 3090 autem
1533 3027 1736 3087 locum
1766 3023 1913 3088 huic
1942 3027 1977 3086 ὲ
2010 3026 2303 3090 Suetonio
2331 3028 2512 3112 plane
2531 3029 2710 3094 simi-

334 3125 459 3186 lem
488 3120 651 3204 apud
677 3119 1013 3193 Catullum,
1052 3115 1165 3200 qui
1199 3113 1275 3177 de
1315 3131 1451 3176 rure
1487 3132 1619 3189 suo,
1654 3110 1825 3195 quod
1861 3109 1931 3175 in
1965 3110 2182 3176 endem
2211 3112 2481 3197 regione,
2509 3116 2616 3182 ubi
2644 3128 2711 3190 et
2797 3123 2812 3129 '

338 3207 584 3274 Horatii
612 3227 713 3271 rus
741 3217 892 3280 erat,
917 3200 1087 3280 dicit,

730 3339 778 3395 Ο
787 3337 966 3410 funde
990 3347 1176 3401 noster,
1204 3353 1294 3391 seu
1319 3333 1532 3401 Sabine,
1562 3351 1650 3391 seu
1681 3331 1896 3398 Tiburs,

722 3419 868 3475 Nam
895 3429 946 3472 te
971 3434 1077 3472 esse
1107 3414 1371 3471 Tiburtem
1395 3425 1690 3478 autumant,
1721 3409 1911 3489 quibua
1934 3429 2040 3468 non
2062 3423 2140 3469 eat

728 3494 901 3556 Cordi
928 3493 1195 3550 Catullum
1221 3493 1435 3549 Ioedere:
1479 3503 1538 3548 at
1565 3490 1755 3568 quibus
1778 3489 1934 3546 cordi
1957 3501 2039 3548 eat

729 3576 928 3631 Quavis
953 3571 1205 3630 Sabinum
1221 3573 1454 3646 pignore
1479 3589 1586 3626 esse
1609 3567 1963 3627 contendunt.-

725 3654 839 3711 Sed
861 3670 951 3709 seu
980 3649 1198 3717 Sabine,
1223 3652 1336 3711 sive
1357 3648 1534 3708 verius
1565 3646 1776 3715 Tiburte,
1811 3647 1927 3707 διο.

420 3809 774 3894 Domusqne
807 3808 938 3894 ejus
963 3804 1297 3869 ostenditur
1324 3803 1490 3866 circa
1525 3801 1783 3865 Tiburni
1813 3761 2138 3882 luculum]
2212 3798 2272 3863 Is
2310 3811 2403 3863 est
2437 3799 2704 3865 Tiburni

337 3896 531 3980 lucus,
559 3897 634 3960 de
662 3915 783 3981 quo
810 3892 948 3956 Ode
971 3899 1032 3970 7.
1065 3889 1207 3954 Lib.
1226 3887 1282 3953 Ι.

722 4029 797 4086 Et
811 4043 1047 4106 proeceps
1073 4022 1236 4091 Anio,
1265 4035 1318 4080 et
1349 4021 1581 4080 Tiburni
1608 4022 1775 4090 lucus,
1801 4034 1855 4080 et
1879 4021 1992 4082 uda

881 4100 1190 4186 Mobilibus
1206 4104 1462 4178 pomaria
1487 4103 1640 4160 rivis.

336 4250 481 4317 Fuit
506 4263 710 4316 autem
739 4248 1049 4312 Tiburnus
1076 4243 1261 4308 Catili
1289 4254 1350 4307 et
1378 4242 1554 4308 (ἔοι-ω
1582 4242 1916 4329 frater,‚qui
1943 4263 2127 4328 quam
2167 4239 2565 4305 condiderant
2593 4261 2702 4303 ur·

334 4336 749 4485 lffff,x}rlilbtffi
749 4357 826 4398 ex
856 4331 1108 4400 nomine
1130 4329 1326 4395 fratris
1348 4329 1444 4395 sui
1468 4330 1725 4399 maximi
1747 4344 1894 4396 natu
1916 4337 2439 4416 nuncupaverunt.
2481 4323 2698 4410 Virgil.
2785 4397 2792 4408 ι

396 4444 412 4485 ι
458 4467 476 4486 .
623 4466 640 4483 .
754 4443 816 4486 n.

1819 4603 1884 4634 β
