2954 4926
787 287 1054 363 No'rAE
1095 292 1190 363 IN
1230 289 1512 363 VITAM
1556 288 1948 363 HORATII.

223 494 229 505 ·
270 470 579 553 Scriptum
614 466 1021 538 Quastorium
1049 470 1465 553 comparavit]
1541 468 1713 552 Lege
1747 468 2038 531 scribtum
2064 487 2174 550 pro
2199 465 2551 530 scribarum.

183 555 345 622 Vide
371 556 561 620 Notas
590 568 823 619 nostras
849 556 926 619 ad
952 578 1008 620 v.
1034 562 1140 621 36.
1170 555 1298 620 Sat.
1325 561 1387 619 6.
1415 554 1551 620 Lib.
1577 554 1659 618 ll.

657 707 752 764 De
773 726 834 764 re
858 707 1123 763 conamuni
1146 705 1335 763 scriboe
1358 702 1560 782 magnei
1585 716 1743 781 atque
1766 701 1910 760 nova
1935 715 1988 758 te

665 784 908 843 Orabam
934 784 1095 842 hodie
1118 786 1451 850 meminisses,
1485 783 1701 847 Quinte.
1724 783 1933 839 reverti.

190 936 342 1001 adde
368 927 531 1022 quod
559 933 770 999 scribit
796 935 931 1000 Liv.
961 912 1093 1018 cap.
1113 942 1219 999 46.
1248 934 1385 997 Lib.
1408 932 1523 996 lx.
1553 944 1616 996 et
1645 934 1720 996 A.
1744 931 1909 994 Gen.
1940 952 2071 1017 cap.
2094 939 2153 996 9.
2185 929 2328 997 Lib.
2354 930 2465 996 vl.

276 1026 369 1085 Ac
400 1018 605 1105 primd
646 1021 1126 1085 Maecenati-in
1160 1020 1434 1106 gratiam
1462 1018 1846 1101 insinuatus]
1919 1016 2081 1080 Haec
2109 1016 2193 1081 ita
2223 1031 2554 1097 narrantur,

194 1108 362 1192 quasi
392 1107 689 1171 Horatius
714 1128 834 1169 non
858 1104 1192 1169 innotuerit
1215 1103 1568 1179 Maecenati,
1598 1102 1712 1165 nisi
1733 1116 1865 1187 post
1892 1102 2273 1185 impetratam
2299 1103 2548 1167 demum

196 1195 271 1255 ab
297 1195 578 1276 Augusto
605 1192 867 1272 veniam,
894 1206 958 1255 et
985 1196 1398 1275 comparatum
1428 1188 1755 1252 scribatum
1785 1187 2214 1256 Quaestorium.
2283 1190 2367 1252 At
2394 1188 2554 1253 istud

199 1277 495 1341 Suetonio
539 1298 851 1360 nunquam
899 1275 1235 1339 excidisset.
1320 1272 1669 1338 Maecenate
1716 1273 1883 1337 enim
1927 1272 2307 1357 deprecante,
2352 1272 2556 1338 Caesar

199 1363 427 1447 ignovit
455 1361 742 1442 Horati0,
768 1362 943 1446 eique
970 1362 1129 1424 bona
1154 1382 1266 1429 suo
1290 1358 1704 1424 fisco-'addicta
1733 1357 2013 1422 reddidit.
2080 1359 2405 1423 Suetonius
2434 1360 2553 1424 hoc

200 1451 333 1512 loco
360 1448 433 1510 de
463 1469 540 1510 eo
568 1460 838 1531 tempore
868 1446 1153 1532 loquitur,
1174 1467 1296 1531 quo
1323 1444 1514 1530 coepit
1541 1443 1854 1521 Maecenas
1884 1441 2210 1508 Horatium
2242 1444 2463 1509 babere
2485 1447 2553 1511 in

202 1555 449 1596 numero
500 1532 888 1595 familiarium
945 1552 1213 1609 suorum,
1263 1551 1529 1615 quocum
1582 1528 1825 1613 negotia
1880 1550 1986 1592 sua
2039 1530 2518 1595 communicaret
2529 1556 2553 1611 3

205 1638 499 1704 quemque
527 1617 593 1679 in
622 1617 748 1681 otio
774 1638 884 1679 suo
899 1614 1242 1701 jucundum
1271 1615 1585 1678 adhiberet
1612 1614 1922 1678 comitem.

282 1703 494 1766 Hirmo
513 1724 609 1764 me
628 1703 838 1766 videas
857 1700 1314 1786 strigosiorem]
1360 1700 1505 1763 Non
1530 1701 1729 1785 placet
1751 1699 1862 1763 ista
1883 1700 2085 1766 lectio.
2147 1699 2556 1764 Proculdubio

204 1789 505 1872 scripserat
531 1786 874 1864 Maecenas,
906 1787 1103 1849 Nimio
1128 1808 1221 1850 me
1248 1786 1459 1849 videas
1487 1786 1914 1885 strigosiorem,
1943 1806 2198 1871 eamque
2224 1786 2555 1851 lectionem

206 1886 431 1937 secutus
474 1885 566 1935 est
611 1871 994 1935 doctissimus
1032 1871 1299 1935 VossiuS.
1395 1869 1543 1933 Fuit
1585 1872 1658 1932 its
1700 1870 2071 1954 temporibus
2113 1869 2261 1934 Nin.
2306 1870 2551 1935 Crassus

207 1968 374 2042 poeta
399 1956 618 2042 quovis
657 1956 907 2041 pumice
940 1954 1172 2035 aridior,
1200 1976 1463 2042 eamque
1502 1956 1582 2019 ob
1611 1967 1854 2018 causam
1885 1954 2218 2022 istiusmodi
2262 1958 2556 2022 conviciis

208 2044 511 2108 obnoxius.

278 2111 628 2212 Bingium]
702 2125 917 2191 Graece
946 2129 1190 2211 ἐλὸγιον,
1223 2123 1463 2211 proprie
1489 2123 1791 2210 significat
1819 2126 2087 2207 titulum,
2116 2126 2366 2206 lemma,
2394 2149 2553 2212 prae-

203 2213 485 2361 {ationem
514 2211 845 2292 concisam,
872 2212 1254 2289 breviarium,
1283 2232 1403 2297 quo
1441 2210 1593 2295 quiS,
1621 2210 1766 2296 quid
1795 2210 1910 2275 sibi
1937 2211 2104 2292 velit,
2129 2213 2336 2297 paucis
2364 2215 2559 2279 verbis

239 2313 393 2362 ocet.

283 2383 470 2448 Nunc
494 2381 995 2466 occupatissimus
1022 2389 1082 2443 et
1110 2378 1426 2465 infirmus]
1474 2378 1724 2445 Infirma
1750 2380 2094 2445 valetudine
2120 2384 2400 2449 utebatur
2425 2386 2558 2450 Au-

202 2483 405 2554 gustus
425 2469 601 2533 omni
619 2482 919 2553 tempore,
942 2478 1073 2551 post
1094 2480 1297 2531 autem
1322 2469 1550 2530 bellum
1580 2455 2007 2551 Hispanicum,
2032 2467 2342 2553 impendio
2362 2474 2555 2557 magis

204 2576 544 2638 gravescere
576 2552 770 2638 coepit
798 2551 925 2635 ejus
954 2552 1256 2615 valetudo.
1327 2551 1466 2616 Post
1499 2551 1656 2615 istud
1685 2552 1869 2636 igitur
1886 2553 2118 2616 bellum
2148 2566 2381 2620 constat
2407 2580 2552 2623 eum

204 2640 355 2703 hanc
382 2639 702 2725 epistolam
731 2638 809 2701 ad
838 2637 1246 2701 Maecenatem
1274 2636 1595 2722 scripsisse,
1617 2635 1996 2723 Horatioque
2023 2639 2308 2704 obtulisse
2329 2663 2555 2708 munus

206 2746 241 2787 e
279 2726 636 2789 istolarium.

238 2748 381 2874 pAb
406 2810 534 2874 istd
567 2809 905 2894 parasitica
933 2807 1188 2893 Μηρώ]
1259 2808 1553 2873 Horatius
1585 2808 1753 2873 enim
1780 2831 1905 2874 non
1935 2819 2062 2873 erat
2089 2830 2167 2874 ex
2192 2809 2555 2878 Maecenatis

208 2895 572 2972 domesticis
595 2917 794 2979 neque
816 2895 999 2959 ullius
1020 2894 1307 2959 ordinarii
1327 2894 1520 2960 officii
1539 2899 1716 2958 causa
1730 2896 1892 2981 apud
1913 2916 2056 2959 eum
2079 2895 2365 2976 haerebat,
2384 2897 2557 2963 ideo-

210 2999 318 3064 que
358 3001 504 3044 eum
533 2981 637 3044 hic
666 2981 870 3044 irridet
894 2979 1205 3065 Augustus
1233 2993 1303 3045 ut
1330 2979 1690 3044 Maecenatis
1717 2979 2064 3066 parasitum,
2095 2982 2265 3066 quasi
2303 2983 2363 3047 ei
2401 3001 2554 3050 esset

209 3065 465 3129 assiduus
494 3065 767 3129 conviva.

286 3152 376 3214 Ac
396 3172 475 3213 ne
486 3152 792 3214 recusanti
806 3151 1044 3235 quidem
1062 3161 1172 3234 aut
1190 3151 1521 3216 succensuit
1542 3153 1881 3240 quicquam,
1903 3161 2010 3216 aut
2031 3153 2363 3217 amicitiam
2382 3175 2556 3219 suam

210 3213 529 3320 suggerere
547 3237 818 3321 destitit]
853 3237 924 3299 ln
942 3235 1153 3338 primis
1171 3251 1378 3300 notatu
1399 3238 1653 3320 dignum
1672 3251 1781 3317 est,
1801 3238 1963 3322 quod
1981 3239 2085 3301 hic
2108 3240 2379 3301 observat
2400 3239 2556 3303 Sue-

211 3322 429 3385 tonius.
494 3320 659 3385 Rara
677 3334 768 3384 est
790 3323 853 3386 in
874 3322 1250 3406 principibus,
1270 3322 1566 3407 ejusmodi
1589 3323 1952 3388 moderatio:
1983 3322 2153 3407 eujus
2216 3322 2420 3388 uidem
2442 3346 2551 3388 ex-

213 3405 485 3470 hibendae
503 3408 697 3470 fateor
718 3427 837 3470 non
861 3406 985 3470 nisi
1007 3407 1334 3470 rarissimas
1356 3407 1427 3470 iis
1447 3408 1698 3490 praeberi
1714 3408 2080 3471 occasiones,
2120 3345 2299 3471 Allien
2320 3407 2381 3473 in
2403 3431 2553 3494 pau-

213 3513 303 3555 cos
331 3492 637 3569 incidunt,
663 3491 767 3575 qui
795 3492 996 3555 officia
1021 3494 1228 3576 ampla
1255 3505 1317 3555 et
1346 3493 1600 3556 honores
1627 3495 1786 3557 ultro
1807 3493 1922 3560 sibi
1942 3493 2175 3556 oblatos
2197 3494 2552 3562 detrectent.

292 3576 492 3658 siper
512 3576 914 3639 valetudinem
937 3576 1258 3657 tuamfieni
1270 3578 1521 3663 possen]
1555 3578 1836 3642 Indicant
1853 3577 1988 3641 haec
2005 3580 2188 3641 verba
2205 3576 2555 3660 Horatium,

212 3661 561 3725 valetudinis
588 3682 715 3724 suae
743 3662 1146 3742 excusatione,
1195 3664 1371 3726 illum
1410 3664 1701 3727 honorem
1730 3663 1847 3726 sibi
1874 3663 1952 3726 ab
1978 3665 2253 3747 Augusto
2277 3667 2553 3730 oblatum

214 3751 524 3810 recusasse.
585 3746 728 3810 Jam
760 3747 927 3809 enim
956 3762 1368 3825 consenuerat,
1385 3747 1549 3812 unde
1566 3749 1750 3812 etiam
1771 3749 2188 3850 sequiturhoc
2217 3748 2276 3812 ei
2298 3771 2423 3815 non
2444 3754 2556 3816 ob-

216 3831 394 3895 latum
424 3831 608 3893 fuisse
635 3843 775 3893 ante
803 3832 1033 3895 bellum
1061 3831 1487 3916 Hispanicum,
1515 3844 1584 3897 ut
1609 3836 1786 3917 supra
1811 3833 1961 3898 dlxi.

292 3916 630 3998 Septimia]
680 3917 853 3980 Idem
873 3931 960 3980 est
976 3916 1330 4001 Septimius,
1346 3938 1529 4001 quem
1547 3919 1874 4003 alloquitur
1890 3918 2046 3982 Hor.
2066 3917 2203 3981 Ode
2221 3926 2282 3984 6.
2312 3922 2449 3988 Lib.
2468 3923 2549 3991 11.

219 4021 389 4084 quem
409 4001 620 4064 laudat
640 4002 758 4085 Ep.
777 4010 840 4066 3.
870 4001 1007 4065 Lib.
1024 4002 1071 4066 l.
1104 4023 1410 4088 quemque
1428 4003 1676 4068 Tiberio
1698 4005 2087 4068 commendat
2112 4005 2232 4090 Ep.
2251 4014 2313 4070 9.
2343 4008 2482 4073 Lib.
2499 4012 2552 4075 1.

298 4084 556 4170 Unaque
581 4096 643 4148 et
669 4083 863 4150 altera
891 4086 1255 4150 liberalitate
1276 4089 1702 4173 locupletavit]
1750 4089 1924 4153 Nihil
1947 4089 2271 4173 quicquam
2298 4095 2555 4160 memini

219 4171 285 4233 ab
304 4171 566 4235 Horatio
593 4171 826 4235 dictum
858 4172 932 4236 de
961 4171 1222 4255 Augusti
1251 4172 1315 4237 in
1343 4195 1407 4235 se
1435 4173 1812 4254 liberalitate,
1831 4175 1993 4259 quod
2014 4187 2218 4239 tamen
2239 4177 2554 4245 silentium

220 4275 328 4320 non
367 4271 460 4319 est
500 4259 577 4319 ab
621 4255 859 4339 ingrato
897 4255 1105 4321 animo
1141 4262 1503 4341 profectum.
1586 4260 1791 4324 Nemo
1815 4280 2086 4344 unquam
2115 4261 2230 4324 fuit
2256 4265 2555 4349 princeps,

216 4347 309 4425 qui
346 4341 653 4427 aliquibus
695 4362 820 4405 non
850 4343 1237 4422 benefecerit,
1277 4346 1456 4427 pauci
1496 4354 1699 4410 autem
1743 4347 1988 4409 fuerunt
2017 4343 2280 4429 Augusti
2308 4348 2557 4429 similes,

214 4426 307 4511 qui
331 4428 618 4494 omnibus
643 4428 764 4492 suis
792 4428 1077 4513 subjectis
1099 4427 1430 4494 benefecit.
1496 4430 1801 4501 Quorsum
1835 4430 2020 4515 igitur
2039 4453 2146 4519 pro
2172 4431 2366 4518 seipso
2389 4458 2554 4501 seor-
