2954 4926
890 271 1163 343 No'rAE.
1193 273 1290 341 m
1330 271 1617 341 VITAM
1635 268 2049 390 nonam.

365 444 561 512 Juxta
602 445 964 512 Maecenatis
1006 446 1347 530 tumulum]
1423 445 1779 511 Decesserat
1826 444 2140 509 Maecenas
2189 440 2404 507 eodem
2456 446 2644 511 anuo.

287 527 469 599 Unde
509 542 714 596 autem
757 533 985 597 sactum
1029 549 1138 613 est,
1183 546 1250 596 ut
1290 531 1600 609 Horatius,
1642 542 1937 616 superstes
1979 531 2121 593 cum
2164 542 2340 608 esset,
2380 530 2535 595 nihil
2572 532 2642 596 in

177 617 188 635 ⁹
283 619 519 703 scriptis
543 617 867 717 reliquerit,
889 641 1010 703 quo
1036 627 1352 682 testaretur
1378 619 1649 682 dolorem
1677 637 1756 679 ex
1778 614 2139 679 Maecenatis
2160 630 2354 678 morte
2374 638 2640 701 concep-
2661 672 2668 675 ,

284 705 462 768 tum?
528 702 693 768 Mun
734 703 981 787 quidem
1024 704 1179 767 illud
1209 724 1332 767 non
1359 703 1594 769 videtur
1620 701 1929 766 credibile.
2012 700 2213 764 Tanto
2239 721 2382 764 eum
2411 701 2642 768 affectu

286 788 521 867 dilexit,
547 799 832 871 tantaque
856 789 920 852 in
940 810 1005 851 se
1028 789 1244 852 merita
1265 788 1392 873 ejus
1414 802 1607 866 erant,
1626 800 1695 851 ut
1718 790 1882 851 nefas
1908 799 2064 851 esset
2086 785 2359 850 officium
2387 788 2644 869 lugendi

283 872 647 938 Maecenatis
673 873 958 955 cuiquam
985 874 1158 938 alteri
1186 873 1514 959 reliquisse.
1598 873 1787 937 Nullo
1813 885 1993 957 pacto
2021 886 2172 935 esset
2191 872 2642 955 ignoscendum

281 960 435 1023 adeo
462 959 798 1022 inhumano
824 958 1101 1024 facinori.
1169 958 1239 1022 si
1261 959 1345 1023 ita
1368 960 1594 1023 nefarie
1621 959 1889 1041 ingratus
1916 957 2145 1034 fuisset,
2173 978 2294 1020 non
2323 968 2446 1021 tam
2477 957 2642 1020 aesti-

285 1065 515 1115 marem
544 1043 785 1127 scripta,
810 1046 996 1126 quam
1026 1044 1223 1127 ipsum
1254 1055 1561 1109 auctorem
1596 1065 1964 1129 aspernarer=
2011 1064 2230 1126 meque
2258 1043 2409 1105 adeo
2436 1041 2645 1125 poeni·

281 1140 434 1192 teret
454 1128 609 1192 tanti
631 1130 916 1211 temporis
945 1130 1007 1192 in
1037 1151 1112 1194 eo
1134 1130 1493 1214 explicando
1515 1130 1916 1213 vertendoque
1940 1128 2245 1192 collocati.
2308 1127 2641 1191 Videamus

283 1234 363 1277 an
387 1213 634 1278 historia
656 1214 825 1276 nobis
845 1215 1076 1299 aliquid
1105 1229 1404 1311 suggerat,
1432 1216 1591 1300 quod
1617 1237 1758 1279 eum
1782 1214 2059 1297 expediat
2080 1216 2116 1275 a
2138 1212 2393 1277 crimine
2414 1210 2647 1276 silentii

284 1298 471 1375 istius,
500 1297 660 1383 quod
699 1299 944 1382 quidem
986 1298 1185 1385 primo
1229 1312 1352 1363 tam
1396 1313 1742 1384 suspectum
1780 1313 2025 1383 tamque
2063 1299 2338 1362 odiosum
2374 1308 2644 1382 apparet.

281 1383 412 1449 Dio
438 1386 514 1448 de
535 1406 611 1448 eo
630 1405 794 1448 anno
813 1387 1086 1469 loquenS,
1107 1385 1213 1469 qui
1235 1385 1569 1449 Moecenati
1597 1407 1909 1469 supremus
1939 1385 2073 1462 fuit,
2100 1399 2414 1447 enumerat
2440 1382 2644 1466 primo

281 1470 491 1535 omnia
527 1469 750 1547 felicia,
784 1491 923 1553 quae
959 1473 1234 1554 Augusto
1267 1493 1342 1534 eo
1379 1472 1984 1553 anno'eontigerunt.
2073 1470 2352 1554 Cumque
2381 1469 2642 1533 demon-

279 1560 516 1619 strasset
536 1555 762 1639 priores
783 1569 923 1618 octo
947 1579 1180 1620 menses
1205 1556 1359 1619 nibil
1382 1557 1439 1619 ei
1463 1568 1678 1640 praeter
1698 1558 1905 1619 felices
1925 1566 2173 1617 eventus
2196 1554 2446 1630 dedisse,
2472 1553 2645 1616 addit

281 1640 471 1704 finem
493 1639 639 1703 anni
665 1661 785 1702 non
811 1641 1178 1725 respondisse
1199 1641 1525 1725 principio,
1543 1653 1920 1726 mortemque
1940 1640 2297 1702 Maecenatis
2314 1640 2643 1722 derepente

282 1725 667 1809 interrupisse
689 1746 1104 1809 prosperorum
1120 1729 1358 1803 seriem,
1371 1726 1447 1788 ad
1466 1747 1695 1789 nonum
1710 1747 1899 1810 usque
1913 1746 2188 1788 mensem
2202 1721 2640 1787 continuatam.

282 1811 456 1875 Mors
486 1810 670 1893 igitur
699 1811 1057 1875 Maecenatis
1086 1832 1206 1881 non
1238 1811 1352 1874 nisi
1381 1824 1517 1895 post
1553 1824 1833 1875 octavum
1880 1832 2147 1874 mensem
2192 1809 2469 1891 contigit.
2519 1862 2522 1865 .
2555 1811 2644 1872 At

285 1896 559 1983 quamvis
582 1896 780 1958 statim
810 1909 941 1979 post
963 1918 1104 1959 eum
1125 1917 1395 1960 mensem
1416 1909 1696 1959 exactum
1719 1895 2108 1978 contigisset(
2154 1896 2267 1956 uod
2290 1909 2494 1955 tamen
2515 1914 2644 1957 nou

286 1994 541 2059 constat,
570 1984 713 2043 cum
742 1980 869 2043 Dio
899 2002 1020 2045 non
1050 1982 1323 2065 designet
1344 1994 1528 2065 quoto
1554 1982 1652 2044 die
1682 1980 2031 2064 contigerit)
2059 1982 2093 2040 ὲ
2164 2001 2237 2041 ne
2258 1979 2543 2040 Octobris
2565 1978 2646 2042 ad

283 2066 648 2150 vigesimum
695 2068 1021 2149 septimum
1074 2067 1237 2131 diem
1282 2066 1582 2129 Novemb.
1640 2086 1762 2127 non
1814 2066 2019 2127 fuisset
2070 2063 2329 2126 Horatio
2375 2062 2641 2147 spatium

282 2152 497 2237 primis
525 2151 805 2237 lacrymis
833 2152 1258 2235 abstergendis,
1325 2151 1537 2235 ltaque
1561 2161 1792 2215 constat
1813 2170 1954 2211 eum
1982 2169 2101 2211 non
2129 2148 2229 2211 diu
2260 2148 2645 2231 superstitem

280 2238 462 2318 fuisse
507 2235 710 2300 amico
757 2259 886 2301 suo.
991 2237 1163 2305 Quid
1205 2247 1408 2301 autem
1453 2236 1619 2299 aliud
1663 2236 1858 2297 facere
1902 2233 2210 2318 potuisset,
2252 2255 2374 2318 quo
2423 2234 2642 2296 clarius

283 2324 737 2398 demonstraret,
766 2326 949 2406 quam
978 2323 1369 2386 vehementer
1394 2342 1538 2384 eum
1570 2320 1887 2383 dilexerit?
1952 2318 2010 2381 T
2012 2340 2116 2381 um
2148 2318 2544 2401 proculdubio
2574 2317 2641 2381 ‘td

281 2408 581 2495 praestitit,
597 2407 757 2493 quod
776 2421 923 2486 ⁴ante
952 2408 1180 2493 aliquot
1209 2428 1396 2470 annos
1419 2405 1724 2491 pollicitus
1745 2417 1889 2482 erat,
1913 2427 2100 2491 quum
2126 2405 2202 2467 ad
2225 2404 2641 2469 Maecenatem

255 2494 585 2574 scriberet,
609 2493 949 2579 periculoso
976 2496 1190 2557 morbo
1216 2495 1590 2556 laborantem
1624 2505 1687 2553 et
1715 2505 1972 2555 mortem
2001 2503 2336 2576 optantem.

820 2656 947 2718 Ala!
985 2669 1035 2714 te
1058 2674 1182 2715 meae
1204 2657 1255 2713 si
1274 2669 1483 2732 partem
1515 2657 1702 2712 animoe
1725 2649 1875 2731 rripit

825 2736 1112 2796 Mamrior
1130 2739 1230 2799 vtis,
1260 2737 1397 2810 quid
1423 2753 1605 2791 moror
1631 2734 1827 2801 altera,

905 2814 1025 2872 Nec
1048 2832 1209 2871 carus
1231 2830 1274 2869 ιε
1349 2813 1396 2877 ἑ,
1423 2832 1519 2869 nec
1540 2824 1802 2886 superstes

981 2892 1239 2967 Integer?
1276 2832 1378 2947 Yllle
1402 2892 1521 2948 dies
1543 2904 1816 2965 raramque

820 2972 1000 3029 Duce:
1025 2973 1277 3036 ruinam,-
1316 2988 1422 3025 non
1447 2988 1544 3039 ego
1567 2971 1829 3042 perfidum

822 3050 974 3107 Dixi
995 3060 1375 3105 sacramentum
1394 3069 1412 3101 .·
1454 3047 1642 3102 ibimus
1688 3047 1897 3111 ibimus,

909 3127 1180 3204 Utcunque
1198 3126 1485 3201 proecedes,
1508 3141 1805 3199 supremum

984 3202 1216 3280 Carpere
1241 3216 1345 3261 tter
1368 3206 1585 3261 comice»-
1600 3205 1815 3279 purati,
1845 3201 1952 3259 &c.

2031 3030 2062 3042 μ

361 3365 432 3432 Si
457 3359 772 3446 astrologis
795 3357 1098 3423 advocatis
1126 3358 1201 3422 de
1232 3355 1419 3421 natali
1445 3358 1562 3420 suss'
1580 3356 1726 3418 hora
1755 3353 2143 3417 consultasset
2173 3353 2484 3434 Horatius,
2509 3376 2638 3420 non

277 3452 564 3538 potuisset
603 3450 680 3511 de
718 3467 960 3509 suorum
990 3455 1334 3529 temporum
1365 3465 1508 3506 cum
1544 3441 1901 3504 Maecenatis
1930 3440 2297 3520 temporibus
2338 3443 2639 3505 consensu

278 3537 515 3602 felicius
541 3533 799 3598 ariolari.
887 3532 972 3594 At
998 3531 1102 3593 ille
1129 3528 1321 3612 magis
1352 3545 1687 3613 perspectas
1715 3525 1930 3590 habuit
1957 3525 2243 3591 annicitiae
2270 3549 2415 3602 suae,
2454 3529 2639 3609 quam

280 3622 477 3686 fatalis
501 3620 594 3683 sui
621 3617 827 3682 sideris
848 3617 1022 3680 vires.
1108 3613 1325 3700 Neque
1354 3613 1603 3677 difficile
1633 3623 1722 3674 est
1750 3632 1889 3676 vera
1916 3611 2248 3694 vaticinari,
2274 3614 2417 3677 cum
2444 3611 2512 3676 in
2537 3625 2644 3676 tuo

277 3706 522 3772 arbitrio
549 3705 734 3780 situm
760 3703 861 3782 sit,
884 3707 953 3769 'ut
984 3698 1250 3767 confiant
1277 3721 1416 3787 quae
1445 3696 1805 3785 praedixeris.
